<?xml version="1.0" encoding="UTF-8"?><collection xmlns="http://www.loc.gov/MARC21/slim"><record><leader>00355nam--2200133-i-4500</leader><controlfield tag="001">000041946</controlfield><controlfield tag="002">20161230</controlfield><controlfield tag="005">20161230201043</controlfield><controlfield tag="008">060222s1000------------r-----000-0-eng-d</controlfield><datafield ind1=" " ind2=" " tag="080"><subfield code="a">681.3(043)</subfield></datafield><datafield ind1=" " ind2=" " tag="100"><subfield code="a">Smith Iii,Alvy Ray</subfield></datafield><datafield ind1=" " ind2=" " tag="245"><subfield code="a">Cellular automata theory. thesis</subfield></datafield><datafield ind1=" " ind2=" " tag="260"><subfield code="a">An Arbor, Michigan, Univ.Microfillms, Inc.,1970. V+115 P</subfield></datafield><datafield ind1=" " ind2=" " tag="852"><subfield code="a">42706</subfield></datafield></record></collection>